@article{Reference1,
	Abstract = {},
	Author = {P. W. Higgs},
	Journal = {Physics Letters},
	Keywords = {Diode Laser},
	Month = {9},
	Number = {},
	Numpages = {},
	Pages = {132-133},
	Title = {Broken symmetries, massless particles and gauge fields},
	Volume = {12},
	Url = {https://journals.aps.org/prl/abstract/10.1103/PhysRevLett.13.508},
	Year = {1964}}

@article{Reference2,
	Abstract = {},
	Author = {F. Englert and R. Brout},
	Journal = {Phys. Rev. Lett.},
	Month = {},
	Number = {},
	Numpages = {},
	Pages = {321},
	Title = {Broken symmetry and the mass of gauge vector mesons},
	Volume = {13},
	Url = {https://link.aps.org/doi/10.1103/PhysRevLett.13.321},
	Year = {1964}}

@article{Reference3,
	Abstract = {},
	Author = {The ATLAS Collaboration},
	Journal = {Physics Letters B},
	Month = {8},
	Number = {},
	Numpages = {},
	Pages = {1--29},
	Title = {
	Observation of a New Particle in the Search for the Standard Model Higgs Boson with the ATLAS Detector at the LHC},
	Volume = {13},
	Url = {https://arxiv.org/abs/1207.7214},
	Year = {2012}}

@article{PDG_source,
	title = {Constraints on the spin-parity and anomalous $HVV$ couplings of the Higgs boson in proton collisions at 7 and 8 TeV},
	author = {Khachatryan, V. and Sirunyan, A. M. and Tumasyan, A. and Adam, W. and Bergauer, T. and Dragicevic, M. and Er\"o, J. and Friedl, M. and Fr\"uhwirth, R. and Ghete, V. M. and Hartl, C. and H\"ormann, N. and Hrubec, J. and Jeitler, M. and Kiesenhofer, W. and Kn\"unz, V. and Krammer, M. and Kr\"atschmer, I. and Liko, D. and Mikulec, I. and Rabady, D. and Rahbaran, B. and Rohringer, H. and Sch\"ofbeck, R. and Strauss, J. and Treberer-Treberspurg, W. and Waltenberger, W. and Wulz, C.-E. and Mossolov, V. and Shumeiko, N. and Suarez Gonzalez, J. and Alderweireldt, S. and Bansal, S. and Cornelis, T. and De Wolf, E. A. and Janssen, X. and Knutsson, A. and Lauwers, J. and Luyckx, S. and Ochesanu, S. and Rougny, R. and Van De Klundert, M. and Van Haevermaet, H. and Van Mechelen, P. and Van Remortel, N. and Van Spilbeeck, A. and Blekman, F. and Blyweert, S. and D'Hondt, J. and Daci, N. and Heracleous, N. and Keaveney, J. and Lowette, S. and Maes, M. and Olbrechts, A. and Python, Q. and Strom, D. and Tavernier, S. and Van Doninck, W. and Van Mulders, P. and Van Onsem, G. P. and Villella, I. and Caillol, C. and Clerbaux, B. and De Lentdecker, G. and Dobur, D. and Favart, L. and Gay, A. P. R. and Grebenyuk, A. and L\'eonard, A. and Mohammadi, A. and Perni\`e, L. and Randle-conde, A. and Reis, T. and Seva, T. and Thomas, L. and Vander Velde, C. and Vanlaer, P. and Wang, J. and Zenoni, F. and Adler, V. and Beernaert, K. and Benucci, L. and Cimmino, A. and Costantini, S. and Crucy, S. and Dildick, S. and Fagot, A. and Garcia, G. and Mccartin, J. and Ocampo Rios, A. A. and Ryckbosch, D. and Salva Diblen, S. and Sigamani, M. and Strobbe, N. and Thyssen, F. and Tytgat, M. and Yazgan, E. and Zaganidis, N. and Basegmez, S. and Beluffi, C. and Bruno, G. and Castello, R. and Caudron, A. and Ceard, L. and Da Silveira, G. G. and Delaere, C. and du Pree, T. and Favart, D. and Forthomme, L. and Giammanco, A. and Hollar, J. and Jafari, A. and Jez, P. and Komm, M. and Lemaitre, V. and Nuttens, C. and Perrini, L. and Pin, A. and Piotrzkowski, K. and Popov, A. and Quertenmont, L. and Selvaggi, M. and Vidal Marono, M. and Vizan Garcia, J. M. and Beliy, N. and Caebergs, T. and Daubie, E. and Hammad, G. H. and Ald\'a J\'unior, W. L. and Alves, G. A. and Brito, L. and Correa Martins Junior, M. and Dos Reis Martins, T. and Molina, J. and Mora Herrera, C. and Pol, M. E. and Rebello Teles, P. and Carvalho, W. and Chinellato, J. and Cust\'odio, A. and Da Costa, E. M. and De Jesus Damiao, D. and De Oliveira Martins, C. and Fonseca De Souza, S. and Malbouisson, H. and Matos Figueiredo, D. and Mundim, L. and Nogima, H. and Prado Da Silva, W. L. and Santaolalla, J. and Santoro, A. and Sznajder, A. and Tonelli Manganote, E. J. and Vilela Pereira, A. and Bernardes, C. A. and Dogra, S. and Tomei, T. R. Fernandez Perez and Gregores, E. M. and Mercadante, P. G. and Novaes, S. F. and Padula, Sandra S. and Aleksandrov, A. and Genchev, V. and Hadjiiska, R. and Iaydjiev, P. and Marinov, A. and Piperov, S. and Rodozov, M. and Sultanov, G. and Vutova, M. and Dimitrov, A. and Glushkov, I. and Litov, L. and Pavlov, B. and Petkov, P. and Bian, J. G. and Chen, G. M. and Chen, H. S. and Chen, M. and Cheng, T. and Du, R. and Jiang, C. H. and Plestina, R. and Romeo, F. and Tao, J. and Wang, Z. and Asawatangtrakuldee, C. and Ban, Y. and Li, Q. and Liu, S. and Mao, Y. and Qian, S. J. and Wang, D. and Xu, Z. and Zou, W. and Avila, C. and Cabrera, A. and Chaparro Sierra, L. F. and Florez, C. and Gomez, J. P. and Gomez Moreno, B. and Sanabria, J. C. and Godinovic, N. and Lelas, D. and Polic, D. and Puljak, I. and Antunovic, Z. and Kovac, M. and Brigljevic, V. and Kadija, K. and Luetic, J. and Mekterovic, D. and Sudic, L. and Attikis, A. and Mavromanolakis, G. and Mousa, J. and Nicolaou, C. and Ptochos, F. and Razis, P. A. and Bodlak, M. and Finger, M. and Finger, M. and Assran, Y. and Ellithi Kamel, A. and Mahmoud, M. A. and Radi, A. and Kadastik, M. and Murumaa, M. and Raidal, M. and Tiko, A. and Eerola, P. and Fedi, G. and Voutilainen, M. and H\"ark\"onen, J. and Karim\"aki, V. and Kinnunen, R. and Kortelainen, M. J. and Lamp\'en, T. and Lassila-Perini, K. and Lehti, S. and Lind\'en, T. and Luukka, P. and M\"aenp\"a\"a, T. and Peltola, T. and Tuominen, E. and Tuominiemi, J. and Tuovinen, E. and Wendland, L. and Talvitie, J. and Tuuva, T. and Besancon, M. and Couderc, F. and Dejardin, M. and Denegri, D. and Fabbro, B. and Faure, J. L. and Favaro, C. and Ferri, F. and Ganjour, S. and Givernaud, A. and Gras, P. and Hamel de Monchenault, G. and Jarry, P. and Locci, E. and Malcles, J. and Rander, J. and Rosowsky, A. and Titov, M. and Baffioni, S. and Beaudette, F. and Busson, P. and Charlot, C. and Dahms, T. and Dalchenko, M. and Dobrzynski, L. and Filipovic, N. and Florent, A. and Granier de Cassagnac, R. and Mastrolorenzo, L. and Min\'e, P. and Naranjo, I. N. and Nguyen, M. and Ochando, C. and Ortona, G. and Paganini, P. and Regnard, S. and Salerno, R. and Sauvan, J. B. and Sirois, Y. and Veelken, C. and Yilmaz, Y. and Zabi, A. and Agram, J.-L. and Andrea, J. and Aubin, A. and Bloch, D. and Brom, J.-M. and Chabert, E. C. and Collard, C. and Conte, E. and Fontaine, J.-C. and Gel\'e, D. and Goerlach, U. and Goetzmann, C. and Le Bihan, A.-C. and Skovpen, K. and Van Hove, P. and Gadrat, S. and Beauceron, S. and Beaupere, N. and Bernet, C. and Boudoul, G. and Bouvier, E. and Brochet, S. and Carrillo Montoya, C. A. and Chasserat, J. and Chierici, R. and Contardo, D. and Depasse, P. and El Mamouni, H. and Fan, J. and Fay, J. and Gascon, S. and Gouzevitch, M. and Ille, B. and Kurca, T. and Lethuillier, M. and Mirabito, L. and Perries, S. and Ruiz Alvarez, J. D. and Sabes, D. and Sgandurra, L. and Sordini, V. and Vander Donckt, M. and Verdier, P. and Viret, S. and Xiao, H. and Tsamalaidze, Z. and Autermann, C. and Beranek, S. and Bontenackels, M. and Edelhoff, M. and Feld, L. and Heister, A. and Hindrichs, O. and Klein, K. and Ostapchuk, A. and Preuten, M. and Raupach, F. and Sammet, J. and Schael, S. and Schulte, J. F. and Weber, H. and Wittmer, B. and Zhukov, V. and Ata, M. and Brodski, M. and Dietz-Laursonn, E. and Duchardt, D. and Erdmann, M. and Fischer, R. and G\"uth, A. and Hebbeker, T. and Heidemann, C. and Hoepfner, K. and Klingebiel, D. and Knutzen, S. and Kreuzer, P. and Merschmeyer, M. and Meyer, A. and Millet, P. and Olschewski, M. and Padeken, K. and Papacz, P. and Reithler, H. and Schmitz, S. A. and Sonnenschein, L. and Teyssier, D. and Th\"uer, S. and Weber, M. and Cherepanov, V. and Erdogan, Y. and Fl\"ugge, G. and Geenen, H. and Geisler, M. and Haj Ahmad, W. and Hoehle, F. and Kargoll, B. and Kress, T. and Kuessel, Y. and K\"unsken, A. and Lingemann, J. and Nowack, A. and Nugent, I. M. and Pooth, O. and Stahl, A. and Aldaya Martin, M. and Asin, I. and Bartosik, N. and Behr, J. and Behrens, U. and Bell, A. J. and Bethani, A. and Borras, K. and Burgmeier, A. and Cakir, A. and Calligaris, L. and Campbell, A. and Choudhury, S. and Costanza, F. and Diez Pardos, C. and Dolinska, G. and Dooling, S. and Dorland, T. and Eckerlin, G. and Eckstein, D. and Eichhorn, T. and Flucke, G. and Garay Garcia, J. and Geiser, A. and Gunnellini, P. and Hauk, J. and Hempel, M. and Jung, H. and Kalogeropoulos, A. and Kasemann, M. and Katsas, P. and Kieseler, J. and Kleinwort, C. and Korol, I. and Kr\"ucker, D. and Lange, W. and Leonard, J. and Lipka, K. and Lobanov, A. and Lohmann, W. and Lutz, B. and Mankel, R. and Marfin, I. and Melzer-Pellmann, I.-A. and Meyer, A. B. and Mittag, G. and Mnich, J. and Mussgiller, A. and Naumann-Emme, S. and Nayak, A. and Ntomari, E. and Perrey, H. and Pitzl, D. and Placakyte, R. and Raspereza, A. and Ribeiro Cipriano, P. M. and Roland, B. and Ron, E. and Sahin, M. \"O. and Salfeld-Nebgen, J. and Saxena, P. and Schoerner-Sadenius, T. and Schr\"oder, M. and Seitz, C. and Spannagel, S. and Vargas Trevino, A. D. R. and Walsh, R. and Wissing, C. and Blobel, V. and Centis Vignali, M. and Draeger, A. R. and Erfle, J. and Garutti, E. and Goebel, K. and G\"orner, M. and Haller, J. and Hoffmann, M. and H\"oing, R. S. and Junkes, A. and Kirschenmann, H. and Klanner, R. and Kogler, R. and Lange, J. and Lapsien, T. and Lenz, T. and Marchesini, I. and Ott, J. and Peiffer, T. and Perieanu, A. and Pietsch, N. and Poehlsen, J. and Poehlsen, T. and Rathjens, D. and Sander, C. and Schettler, H. and Schleper, P. and Schlieckau, E. and Schmidt, A. and Seidel, M. and Sola, V. and Stadie, H. and Steinbr\"uck, G. and Troendle, D. and Usai, E. and Vanelderen, L. and Vanhoefer, A. and Barth, C. and Baus, C. and Berger, J. and B\"oser, C. and Butz, E. and Chwalek, T. and De Boer, W. and Descroix, A. and Dierlamm, A. and Feindt, M. and Frensch, F. and Giffels, M. and Gilbert, A. and Hartmann, F. and Hauth, T. and Husemann, U. and Katkov, I. and Kornmayer, A. and Kuznetsova, E. and Lobelle Pardo, P. and Mozer, M. U. and M\"uller, T. and M\"uller, Th. and N\"urnberg, A. and Quast, G. and Rabbertz, K. and R\"ocker, S. and Simonis, H. J. and Stober, F. M. and Ulrich, R. and Wagner-Kuhr, J. and Wayand, S. and Weiler, T. and Wolf, R. and Anagnostou, G. and Daskalakis, G. and Geralis, T. and Giakoumopoulou, V. A. and Kyriakis, A. and Loukas, D. and Markou, A. and Markou, C. and Psallidas, A. and Topsis-Giotis, I. and Agapitos, A. and Kesisoglou, S. and Panagiotou, A. and Saoulidou, N. and Stiliaris, E. and Aslanoglou, X. and Evangelou, I. and Flouris, G. and Foudas, C. and Kokkas, P. and Manthos, N. and Papadopoulos, I. and Paradas, E. and Strologas, J. and Bencze, G. and Hajdu, C. and Hidas, P. and Horvath, D. and Sikler, F. and Veszpremi, V. and Vesztergombi, G. and Zsigmond, A. J. and Beni, N. and Czellar, S. and Karancsi, J. and Molnar, J. and Palinkas, J. and Szillasi, Z. and Makovec, A. and Raics, P. and Trocsanyi, Z. L. and Ujvari, B. and Swain, S. K. and Beri, S. B. and Bhatnagar, V. and Gupta, R. and Bhawandeep, U. and Kalsi, A. K. and Kaur, M. and Kumar, R. and Mittal, M. and Nishu, N. and Singh, J. B. and Kumar, Ashok and Kumar, Arun and Ahuja, S. and Bhardwaj, A. and Choudhary, B. C. and Kumar, A. and Malhotra, S. and Naimuddin, M. and Ranjan, K. and Sharma, V. and Banerjee, S. and Bhattacharya, S. and Chatterjee, K. and Dutta, S. and Gomber, B. and Jain, Sa. and Jain, Sh. and Khurana, R. and Modak, A. and Mukherjee, S. and Roy, D. and Sarkar, S. and Sharan, M. and Abdulsalam, A. and Dutta, D. and Kumar, V. and Mohanty, A. K. and Pant, L. M. and Shukla, P. and Topkar, A. and Aziz, T. and Banerjee, S. and Bhowmik, S. and Chatterjee, R. M. and Dewanjee, R. K. and Dugad, S. and Ganguly, S. and Ghosh, S. and Guchait, M. and Gurtu, A. and Kole, G. and Kumar, S. and Maity, M. and Majumder, G. and Mazumdar, K. and Mohanty, G. B. and Parida, B. and Sudhakar, K. and Wickramage, N. and Bakhshiansohi, H. and Behnamian, H. and Etesami, S. M. and Fahim, A. and Goldouzian, R. and Khakzad, M. and Mohammadi Najafabadi, M. and Naseri, M. and Paktinat Mehdiabadi, S. and Rezaei Hosseinabadi, F. and Safarzadeh, B. and Zeinali, M. and Felcini, M. and Grunewald, M. and Abbrescia, M. and Calabria, C. and Chhibra, S. S. and Colaleo, A. and Creanza, D. and De Filippis, N. and De Palma, M. and Fiore, L. and Iaselli, G. and Maggi, G. and Maggi, M. and My, S. and Nuzzo, S. and Pompili, A. and Pugliese, G. and Radogna, R. and Selvaggi, G. and Sharma, A. and Silvestris, L. and Venditti, R. and Verwilligen, P. and Abbiendi, G. and Benvenuti, A. C. and Bonacorsi, D. and Braibant-Giacomelli, S. and Brigliadori, L. and Campanini, R. and Capiluppi, P. and Castro, A. and Cavallo, F. R. and Codispoti, G. and Cuffiani, M. and Dallavalle, G. M. and Fabbri, F. and Fanfani, A. and Fasanella, D. and Giacomelli, P. and Grandi, C. and Guiducci, L. and Marcellini, S. and Masetti, G. and Montanari, A. and Navarria, F. L. and Perrotta, A. and Primavera, F. and Rossi, A. M. and Rovelli, T. and Siroli, G. P. and Tosi, N. and Travaglini, R. and Albergo, S. and Cappello, G. and Chiorboli, M. and Costa, S. and Giordano, F. and Potenza, R. and Tricomi, A. and Tuve, C. and Barbagli, G. and Ciulli, V. and Civinini, C. and D'Alessandro, R. and Focardi, E. and Gallo, E. and Gonzi, S. and Gori, V. and Lenzi, P. and Meschini, M. and Paoletti, S. and Sguazzoni, G. and Tropiano, A. and Benussi, L. and Bianco, S. and Fabbri, F. and Piccolo, D. and Ferretti, R. and Ferro, F. and Lo Vetere, M. and Robutti, E. and Tosi, S. and Dinardo, M. E. and Fiorendi, S. and Gennai, S. and Gerosa, R. and Ghezzi, A. and Govoni, P. and Lucchini, M. T. and Malvezzi, S. and Manzoni, R. A. and Martelli, A. and Marzocchi, B. and Menasce, D. and Moroni, L. and Paganoni, M. and Pedrini, D. and Ragazzi, S. and Redaelli, N. and Tabarelli de Fatis, T. and Buontempo, S. and Cavallo, N. and Di Guida, S. and Fabozzi, F. and Iorio, A. O. M. and Lista, L. and Meola, S. and Merola, M. and Paolucci, P. and Azzi, P. and Bacchetta, N. and Bisello, D. and Branca, A. and Carlin, R. and Checchia, P. and Dall'Osso, M. and Dorigo, T. and Dosselli, U. and Galanti, M. and Gasparini, F. and Gasparini, U. and Gozzelino, A. and Kanishchev, K. and Lacaprara, S. and Margoni, M. and Meneguzzo, A. T. and Pazzini, J. and Pozzobon, N. and Ronchese, P. and Simonetto, F. and Torassa, E. and Tosi, M. and Zotto, P. and Zucchetta, A. and Zumerle, G. and Gabusi, M. and Ratti, S. P. and Re, V. and Riccardi, C. and Salvini, P. and Vitulo, P. and Biasini, M. and Bilei, G. M. and Ciangottini, D. and Fan\`o, L. and Lariccia, P. and Mantovani, G. and Menichelli, M. and Saha, A. and Santocchia, A. and Spiezia, A. and Androsov, K. and Azzurri, P. and Bagliesi, G. and Bernardini, J. and Boccali, T. and Broccolo, G. and Castaldi, R. and Ciocci, M. A. and Dell'Orso, R. and Donato, S. and Fiori, F. and Fo\`a, L. and Giassi, A. and Grippo, M. T. and Ligabue, F. and Lomtadze, T. and Martini, L. and Messineo, A. and Moon, C. S. and Palla, F. and Rizzi, A. and Savoy-Navarro, A. and Serban, A. T. and Spagnolo, P. and Squillacioti, P. and Tenchini, R. and Tonelli, G. and Venturi, A. and Verdini, P. G. and Vernieri, C. and Barone, L. and Cavallari, F. and D'imperio, G. and Del Re, D. and Diemoz, M. and Jorda, C. and Longo, E. and Margaroli, F. and Meridiani, P. and Micheli, F. and Organtini, G. and Paramatti, R. and Rahatlou, S. and Rovelli, C. and Santanastasio, F. and Soffi, L. and Traczyk, P. and Amapane, N. and Arcidiacono, R. and Argiro, S. and Arneodo, M. and Bellan, R. and Biino, C. and Cartiglia, N. and Casasso, S. and Costa, M. and Degano, A. and Demaria, N. and Finco, L. and Mariotti, C. and Maselli, S. and Migliore, E. and Monaco, V. and Musich, M. and Obertino, M. M. and Pacher, L. and Pastrone, N. and Pelliccioni, M. and Pinna Angioni, G. L. and Potenza, A. and Romero, A. and Ruspa, M. and Sacchi, R. and Solano, A. and Staiano, A. and Tamponi, U. and Belforte, S. and Candelise, V. and Casarsa, M. and Cossutti, F. and Della Ricca, G. and Gobbo, B. and La Licata, C. and Marone, M. and Schizzi, A. and Umer, T. and Zanetti, A. and Chang, S. and Kropivnitskaya, A. and Nam, S. K. and Kim, D. H. and Kim, G. N. and Kim, M. S. and Kong, D. J. and Lee, S. and Oh, Y. D. and Park, H. and Sakharov, A. and Son, D. C. and Kim, T. J. and Ryu, M. S. and Kim, J. Y. and Moon, D. H. and Song, S. and Choi, S. and Gyun, D. and Hong, B. and Jo, M. and Kim, H. and Kim, Y. and Lee, B. and Lee, K. S. and Park, S. K. and Roh, Y. and Yoo, H. D. and Choi, M. and Kim, J. H. and Park, I. C. and Ryu, G. and Choi, Y. and Choi, Y. K. and Goh, J. and Kim, D. and Kwon, E. and Lee, J. and Yu, I. and Juodagalvis, A. and Komaragiri, J. R. and Md Ali, M. A. B. and Casimiro Linares, E. and Castilla-Valdez, H. and De La Cruz-Burelo, E. and Heredia-de La Cruz, I. and Hernandez-Almada, A. and Lopez-Fernandez, R. and Sanchez-Hernandez, A. and Carrillo Moreno, S. and Vazquez Valencia, F. and Pedraza, I. and Salazar Ibarguen, H. A. and Morelos Pineda, A. and Krofcheck, D. and Butler, P. H. and Reucroft, S. and Ahmad, A. and Ahmad, M. and Hassan, Q. and Hoorani, H. R. and Khan, W. A. and Khurshid, T. and Shoaib, M. and Bialkowska, H. and Bluj, M. and Boimska, B. and Frueboes, T. and G\'orski, M. and Kazana, M. and Nawrocki, K. and Romanowska-Rybinska, K. and Szleper, M. and Zalewski, P. and Brona, G. and Bunkowski, K. and Cwiok, M. and Dominik, W. and Doroba, K. and Kalinowski, A. and Konecki, M. and Krolikowski, J. and Misiura, M. and Olszewski, M. and Bargassa, P. and Beir\~ao Da Cruz E Silva, C. and Faccioli, P. and Ferreira Parracho, P. G. and Gallinaro, M. and Lloret Iglesias, L. and Nguyen, F. and Rodrigues Antunes, J. and Seixas, J. and Varela, J. and Vischia, P. and Afanasiev, S. and Bunin, P. and Gavrilenko, M. and Golutvin, I. and Gorbunov, I. and Kamenev, A. and Karjavin, V. and Konoplyanikov, V. and Lanev, A. and Malakhov, A. and Matveev, V. and Moisenz, P. and Palichik, V. and Perelygin, V. and Shmatov, S. and Skatchkov, N. and Smirnov, V. and Zarubin, A. and Golovtsov, V. and Ivanov, Y. and Kim, V. and Levchenko, P. and Murzin, V. and Oreshkin, V. and Smirnov, I. and Sulimov, V. and Uvarov, L. and Vavilov, S. and Vorobyev, A. and Vorobyev, An. and Andreev, Yu. and Dermenev, A. and Gninenko, S. and Golubev, N. and Kirsanov, M. and Krasnikov, N. and Pashenkov, A. and Tlisov, D. and Toropin, A. and Epshteyn, V. and Gavrilov, V. and Lychkovskaya, N. and Popov, V. and Pozdnyakov, I. and Safronov, G. and Semenov, S. and Spiridonov, A. and Stolin, V. and Vlasov, E. and Zhokin, A. and Andreev, V. and Azarkin, M. and Dremin, I. and Kirakosyan, M. and Leonidov, A. and Mesyats, G. and Rusakov, S. V. and Vinogradov, A. and Belyaev, A. and Boos, E. and Bunichev, V. and Dubinin, M. and Dudko, L. and Gribushin, A. and Klyukhin, V. and Kodolova, O. and Lokhtin, I. and Obraztsov, S. and Perfilov, M. and Petrushanko, S. and Savrin, V. and Azhgirey, I. and Bayshev, I. and Bitioukov, S. and Kachanov, V. and Kalinin, A. and Konstantinov, D. and Krychkine, V. and Petrov, V. and Ryutin, R. and Sobol, A. and Tourtchanovitch, L. and Troshin, S. and Tyurin, N. and Uzunian, A. and Volkov, A. and Adzic, P. and Ekmedzic, M. and Milosevic, J. and Rekovic, V. and Alcaraz Maestre, J. and Battilana, C. and Calvo, E. and Cerrada, M. and Chamizo Llatas, M. and Colino, N. and De La Cruz, B. and Delgado Peris, A. and Dom\'{\i}nguez V\'azquez, D. and Escalante Del Valle, A. and Fernandez Bedoya, C. and Fern\'andez Ramos, J. P. and Flix, J. and Fouz, M. C. and Garcia-Abia, P. and Gonzalez Lopez, O. and Goy Lopez, S. and Hernandez, J. M. and Josa, M. I. and Navarro De Martino, E. and P\'erez-Calero Yzquierdo, A. and Puerta Pelayo, J. and Quintario Olmeda, A. and Redondo, I. and Romero, L. and Soares, M. S. and Albajar, C. and de Troc\'oniz, J. F. and Missiroli, M. and Moran, D. and Brun, H. and Cuevas, J. and Fernandez Menendez, J. and Folgueras, S. and Gonzalez Caballero, I. and Brochero Cifuentes, J. A. and Cabrillo, I. J. and Calderon, A. and Duarte Campderros, J. and Fernandez, M. and Gomez, G. and Graziano, A. and Lopez Virto, A. and Marco, J. and Marco, R. and Martinez Rivero, C. and Matorras, F. and Munoz Sanchez, F. J. and Piedra Gomez, J. and Rodrigo, T. and Rodr\'{\i}guez-Marrero, A. Y. and Ruiz-Jimeno, A. and Scodellaro, L. and Vila, I. and Vilar Cortabitarte, R. and Abbaneo, D. and Auffray, E. and Auzinger, G. and Bachtis, M. and Baillon, P. and Ball, A. H. and Barney, D. and Benaglia, A. and Bendavid, J. and Benhabib, L. and Benitez, J. F. and Bloch, P. and Bocci, A. and Bonato, A. and Bondu, O. and Botta, C. and Breuker, H. and Camporesi, T. and Cerminara, G. and Colafranceschi, S. and D'Alfonso, M. and d'Enterria, D. and Dabrowski, A. and David, A. and De Guio, F. and De Roeck, A. and De Visscher, S. and Di Marco, E. and Dobson, M. and Dordevic, M. and Dorney, B. and Dupont-Sagorin, N. and Elliott-Peisert, A. and Franzoni, G. and Funk, W. and Gigi, D. and Gill, K. and Giordano, D. and Girone, M. and Glege, F. and Guida, R. and Gundacker, S. and Guthoff, M. and Hammer, J. and Hansen, M. and Harris, P. and Hegeman, J. and Innocente, V. and Janot, P. and Kousouris, K. and Krajczar, K. and Lecoq, P. and Louren\ifmmode \mbox{\c{c}}\else \c{c}\fi{}o, C. and Magini, N. and Malgeri, L. and Mannelli, M. and Marrouche, J. and Masetti, L. and Meijers, F. and Mersi, S. and Meschi, E. and Moortgat, F. and Morovic, S. and Mulders, M. and Orsini, L. and Pape, L. and Perez, E. and Petrilli, A. and Petrucciani, G. and Pfeiffer, A. and Pimi\"a, M. and Piparo, D. and Plagge, M. and Racz, A. and Rolandi, G. and Rovere, M. and Sakulin, H. and Sch\"afer, C. and Schwick, C. and Sharma, A. and Siegrist, P. and Silva, P. and Simon, M. and Sphicas, P. and Spiga, D. and Steggemann, J. and Stieger, B. and Stoye, M. and Takahashi, Y. and Treille, D. and Tsirou, A. and Veres, G. I. and Wardle, N. and W\"ohri, H. K. and Wollny, H. and Zeuner, W. D. and Bertl, W. and Deiters, K. and Erdmann, W. and Horisberger, R. and Ingram, Q. and Kaestli, H. C. and Kotlinski, D. and Langenegger, U. and Renker, D. and Rohe, T. and Bachmair, F. and B\"ani, L. and Bianchini, L. and Buchmann, M. A. and Casal, B. and Chanon, N. and Dissertori, G. and Dittmar, M. and Doneg\`a, M. and D\"unser, M. and Eller, P. and Grab, C. and Hits, D. and Hoss, J. and Lustermann, W. and Mangano, B. and Marini, A. C. and Marionneau, M. and Martinez Ruiz del Arbol, P. and Masciovecchio, M. and Meister, D. and Mohr, N. and Musella, P. and N\"ageli, C. and Nessi-Tedaldi, F. and Pandolfi, F. and Pauss, F. and Perrozzi, L. and Peruzzi, M. and Quittnat, M. and Rebane, L. and Rossini, M. and Starodumov, A. and Takahashi, M. and Theofilatos, K. and Wallny, R. and Weber, H. A. and Amsler, C. and Canelli, M. F. and Chiochia, V. and De Cosa, A. and Hinzmann, A. and Hreus, T. and Kilminster, B. and Lange, C. and Millan Mejias, B. and Ngadiuba, J. and Pinna, D. and Robmann, P. and Ronga, F. J. and Taroni, S. and Verzetti, M. and Yang, Y. and Cardaci, M. and Chen, K. H. and Ferro, C. and Kuo, C. M. and Lin, W. and Lu, Y. J. and Volpe, R. and Yu, S. S. and Chang, P. and Chang, Y. H. and Chang, Y. W. and Chao, Y. and Chen, K. F. and Chen, P. H. and Dietz, C. and Grundler, U. and Hou, W.-S. and Kao, K. Y. and Liu, Y. F. and Lu, R.-S. and Petrakou, E. and Tzeng, Y. M. and Wilken, R. and Asavapibhop, B. and Singh, G. and Srimanobhas, N. and Suwonjandee, N. and Adiguzel, A. and Bakirci, M. N. and Cerci, S. and Dozen, C. and Dumanoglu, I. and Eskut, E. and Girgis, S. and Gokbulut, G. and Guler, Y. and Gurpinar, E. and Hos, I. and Kangal, E. E. and Kayis Topaksu, A. and Onengut, G. and Ozdemir, K. and Ozturk, S. and Polatoz, A. and Sunar Cerci, D. and Tali, B. and Topakli, H. and Vergili, M. and Zorbilmez, C. and Akin, I. V. and Bilin, B. and Bilmis, S. and Gamsizkan, H. and Isildak, B. and Karapinar, G. and Ocalan, K. and Sekmen, S. and Surat, U. E. and Yalvac, M. and Zeyrek, M. and Albayrak, E. A. and G\"ulmez, E. and Kaya, M. and Kaya, O. and Yetkin, T. and Cankocak, K. and Vardarl\ifmmode \imath \else \i \fi{}, F. I. and Levchuk, L. and Sorokin, P. and Brooke, J. J. and Clement, E. and Cussans, D. and Flacher, H. and Goldstein, J. and Grimes, M. and Heath, G. P. and Heath, H. F. and Jacob, J. and Kreczko, L. and Lucas, C. and Meng, Z. and Newbold, D. M. and Paramesvaran, S. and Poll, A. and Sakuma, T. and Seif El Nasr-storey, S. and Senkin, S. and Smith, V. J. and Bell, K. W. and Belyaev, A. and Brew, C. and Brown, R. M. and Cockerill, D. J. A. and Coughlan, J. A. and Harder, K. and Harper, S. and Olaiya, E. and Petyt, D. and Shepherd-Themistocleous, C. H. and Thea, A. and Tomalin, I. R. and Williams, T. and Womersley, W. J. and Worm, S. D. and Baber, M. and Bainbridge, R. and Buchmuller, O. and Burton, D. and Colling, D. and Cripps, N. and Dauncey, P. and Davies, G. and Della Negra, M. and Dunne, P. and Ferguson, W. and Fulcher, J. and Futyan, D. and Hall, G. and Iles, G. and Jarvis, M. and Karapostoli, G. and Kenzie, M. and Lane, R. and Lucas, R. and Lyons, L. and Magnan, A.-M. and Malik, S. and Mathias, B. and Nash, J. and Nikitenko, A. and Pela, J. and Pesaresi, M. and Petridis, K. and Raymond, D. M. and Rogerson, S. and Rose, A. and Seez, C. and Sharp, P. and Tapper, A. and Vazquez Acosta, M. and Virdee, T. and Zenz, S. C. and Cole, J. E. and Hobson, P. R. and Khan, A. and Kyberd, P. and Leggat, D. and Leslie, D. and Reid, I. D. and Symonds, P. and Teodorescu, L. and Turner, M. and Dittmann, J. and Hatakeyama, K. and Kasmi, A. and Liu, H. and Scarborough, T. and Charaf, O. and Cooper, S. I. and Henderson, C. and Rumerio, P. and Avetisyan, A. and Bose, T. and Fantasia, C. and Lawson, P. and Richardson, C. and Rohlf, J. and St. John, J. and Sulak, L. and Alimena, J. and Berry, E. and Bhattacharya, S. and Christopher, G. and Cutts, D. and Demiragli, Z. and Dhingra, N. and Ferapontov, A. and Garabedian, A. and Heintz, U. and Kukartsev, G. and Laird, E. and Landsberg, G. and Luk, M. and Narain, M. and Segala, M. and Sinthuprasith, T. and Speer, T. and Swanson, J. and Breedon, R. and Breto, G. and Calderon De La Barca Sanchez, M. and Chauhan, S. and Chertok, M. and Conway, J. and Conway, R. and Cox, P. T. and Erbacher, R. and Gardner, M. and Ko, W. and Lander, R. and Mulhearn, M. and Pellett, D. and Pilot, J. and Ricci-Tam, F. and Shalhout, S. and Smith, J. and Squires, M. and Stolp, D. and Tripathi, M. and Wilbur, S. and Yohay, R. and Cousins, R. and Everaerts, P. and Farrell, C. and Hauser, J. and Ignatenko, M. and Rakness, G. and Takasugi, E. and Valuev, V. and Weber, M. and Burt, K. and Clare, R. and Ellison, J. and Gary, J. W. and Hanson, G. and Heilman, J. and Ivova Rikova, M. and Jandir, P. and Kennedy, E. and Lacroix, F. and Long, O. R. and Luthra, A. and Malberti, M. and Olmedo Negrete, M. and Shrinivas, A. and Sumowidagdo, S. and Wimpenny, S. and Branson, J. G. and Cerati, G. B. and Cittolin, S. and D'Agnolo, R. T. and Holzner, A. and Kelley, R. and Klein, D. and Letts, J. and Macneill, I. and Olivito, D. and Padhi, S. and Palmer, C. and Pieri, M. and Sani, M. and Sharma, V. and Simon, S. and Tadel, M. and Tu, Y. and Vartak, A. and Welke, C. and W\"urthwein, F. and Yagil, A. and Barge, D. and Bradmiller-Feld, J. and Campagnari, C. and Danielson, T. and Dishaw, A. and Dutta, V. and Flowers, K. and Franco Sevilla, M. and Geffert, P. and George, C. and Golf, F. and Gouskos, L. and Incandela, J. and Justus, C. and Mccoll, N. and Richman, J. and Stuart, D. and To, W. and West, C. and Yoo, J. and Apresyan, A. and Bornheim, A. and Bunn, J. and Chen, Y. and Duarte, J. and Mott, A. and Newman, H. B. and Pena, C. and Pierini, M. and Spiropulu, M. and Vlimant, J. R. and Wilkinson, R. and Xie, S. and Zhu, R. Y. and Azzolini, V. and Calamba, A. and Carlson, B. and Ferguson, T. and Iiyama, Y. and Paulini, M. and Russ, J. and Vogel, H. and Vorobiev, I. and Cumalat, J. P. and Ford, W. T. and Gaz, A. and Krohn, M. and Luiggi Lopez, E. and Nauenberg, U. and Smith, J. G. and Stenson, K. and Wagner, S. R. and Alexander, J. and Chatterjee, A. and Chaves, J. and Chu, J. and Dittmer, S. and Eggert, N. and Mirman, N. and Nicolas Kaufman, G. and Patterson, J. R. and Ryd, A. and Salvati, E. and Skinnari, L. and Sun, W. and Teo, W. D. and Thom, J. and Thompson, J. and Tucker, J. and Weng, Y. and Winstrom, L. and Wittich, P. and Winn, D. and Abdullin, S. and Albrow, M. and Anderson, J. and Apollinari, G. and Bauerdick, L. A. T. and Beretvas, A. and Berryhill, J. and Bhat, P. C. and Bolla, G. and Burkett, K. and Butler, J. N. and Cheung, H. W. K. and Chlebana, F. and Cihangir, S. and Elvira, V. D. and Fisk, I. and Freeman, J. and Gao, Y. and Gottschalk, E. and Gray, L. and Green, D. and Gr\"unendahl, S. and Gutsche, O. and Hanlon, J. and Hare, D. and Harris, R. M. and Hirschauer, J. and Hooberman, B. and Jindariani, S. and Johnson, M. and Joshi, U. and Klima, B. and Kreis, B. and Kwan, S. and Linacre, J. and Lincoln, D. and Lipton, R. and Liu, T. and Lykken, J. and Maeshima, K. and Marraffino, J. M. and Martinez Outschoorn, V. I. and Maruyama, S. and Mason, D. and McBride, P. and Merkel, P. and Mishra, K. and Mrenna, S. and Nahn, S. and Newman-Holmes, C. and O'Dell, V. and Prokofyev, O. and Sexton-Kennedy, E. and Sharma, S. and Soha, A. and Spalding, W. J. and Spiegel, L. and Taylor, L. and Tkaczyk, S. and Tran, N. V. and Uplegger, L. and Vaandering, E. W. and Vega Morales, R. and Vidal, R. and Whitbeck, A. and Whitmore, J. and Yang, F. and Acosta, D. and Avery, P. and Bortignon, P. and Bourilkov, D. and Carver, M. and Curry, D. and Das, S. and De Gruttola, M. and Di Giovanni, G. P. and Field, R. D. and Fisher, M. and Furic, I. K. and Gainer, J. and Hugon, J. and Konigsberg, J. and Korytov, A. and Kypreos, T. and Low, J. F. and Matchev, K. and Mei, H. and Milenovic, P. and Mitselmakher, G. and Muniz, L. and Rinkevicius, A. and Shchutska, L. and Snowball, M. and Sperka, D. and Yelton, J. and Zakaria, M. and Hewamanage, S. and Linn, S. and Markowitz, P. and Martinez, G. and Rodriguez, J. L. and Adams, T. and Askew, A. and Bochenek, J. and Diamond, B. and Haas, J. and Hagopian, S. and Hagopian, V. and Johnson, K. F. and Prosper, H. and Veeraraghavan, V. and Weinberg, M. and Baarmand, M. M. and Hohlmann, M. and Kalakhety, H. and Yumiceva, F. and Adams, M. R. and Apanasevich, L. and Berry, D. and Betts, R. R. and Bucinskaite, I. and Cavanaugh, R. and Evdokimov, O. and Gauthier, L. and Gerber, C. E. and Hofman, D. J. and Kurt, P. and O'Brien, C. and Sandoval Gonzalez, I. D. and Silkworth, C. and Turner, P. and Varelas, N. and Bilki, B. and Clarida, W. and Dilsiz, K. and Haytmyradov, M. and Merlo, J.-P. and Mermerkaya, H. and Mestvirishvili, A. and Moeller, A. and Nachtman, J. and Ogul, H. and Onel, Y. and Ozok, F. and Penzo, A. and Rahmat, R. and Sen, S. and Tan, P. and Tiras, E. and Wetzel, J. and Yi, K. and Anderson, I. and Barnett, B. A. and Blumenfeld, B. and Bolognesi, S. and Fehling, D. and Gritsan, A. V. and Maksimovic, P. and Martin, C. and Roskes, J. and Sarica, U. and Swartz, M. and Xiao, M. and You, C. and Baringer, P. and Bean, A. and Benelli, G. and Bruner, C. and Gray, J. and Kenny, R. P. and Majumder, D. and Malek, M. and Murray, M. and Noonan, D. and Sanders, S. and Sekaric, J. and Stringer, R. and Wang, Q. and Wood, J. S. and Chakaberia, I. and Ivanov, A. and Kaadze, K. and Khalil, S. and Makouski, M. and Maravin, Y. and Saini, L. K. and Skhirtladze, N. and Svintradze, I. and Gronberg, J. and Lange, D. and Rebassoo, F. and Wright, D. and Baden, A. and Belloni, A. and Calvert, B. and Eno, S. C. and Gomez, J. A. and Hadley, N. J. and Kellogg, R. G. and Kolberg, T. and Lu, Y. and Mignerey, A. C. and Pedro, K. and Skuja, A. and Tonjes, M. B. and Tonwar, S. C. and Apyan, A. and Barbieri, R. and Busza, W. and Cali, I. A. and Chan, M. and Di Matteo, L. and Gomez Ceballos, G. and Goncharov, M. and Gulhan, D. and Klute, M. and Lai, Y. S. and Lee, Y.-J. and Levin, A. and Luckey, P. D. and Paus, C. and Ralph, D. and Roland, C. and Roland, G. and Stephans, G. S. F. and Sumorok, K. and Velicanu, D. and Veverka, J. and Wyslouch, B. and Yang, M. and Zanetti, M. and Zhukova, V. and Dahmes, B. and Gude, A. and Kao, S. C. and Klapoetke, K. and Kubota, Y. and Mans, J. and Nourbakhsh, S. and Pastika, N. and Rusack, R. and Singovsky, A. and Tambe, N. and Turkewitz, J. and Acosta, J. G. and Oliveros, S. and Avdeeva, E. and Bloom, K. and Bose, S. and Claes, D. R. and Dominguez, A. and Gonzalez Suarez, R. and Keller, J. and Knowlton, D. and Kravchenko, I. and Lazo-Flores, J. and Meier, F. and Ratnikov, F. and Snow, G. R. and Zvada, M. and Dolen, J. and Godshalk, A. and Iashvili, I. and Kharchilava, A. and Kumar, A. and Rappoccio, S. and Alverson, G. and Barberis, E. and Baumgartel, D. and Chasco, M. and Massironi, A. and Morse, D. M. and Nash, D. and Orimoto, T. and Trocino, D. and Wang, R.-J. and Wood, D. and Zhang, J. and Hahn, K. A. and Kubik, A. and Mucia, N. and Odell, N. and Pollack, B. and Pozdnyakov, A. and Schmitt, M. and Stoynev, S. and Sung, K. and Velasco, M. and Won, S. and Brinkerhoff, A. and Chan, K. M. and Drozdetskiy, A. and Hildreth, M. and Jessop, C. and Karmgard, D. J. and Kellams, N. and Lannon, K. and Lynch, S. and Marinelli, N. and Musienko, Y. and Pearson, T. and Planer, M. and Ruchti, R. and Smith, G. and Valls, N. and Wayne, M. and Wolf, M. and Woodard, A. and Antonelli, L. and Brinson, J. and Bylsma, B. and Durkin, L. S. and Flowers, S. and Hart, A. and Hill, C. and Hughes, R. and Kotov, K. and Ling, T. Y. and Luo, W. and Puigh, D. and Rodenburg, M. and Winer, B. L. and Wolfe, H. and Wulsin, H. W. and Driga, O. and Elmer, P. and Hardenbrook, J. and Hebda, P. and Koay, S. A. and Lujan, P. and Marlow, D. and Medvedeva, T. and Mooney, M. and Olsen, J. and Pirou\'e, P. and Quan, X. and Saka, H. and Stickland, D. and Tully, C. and Werner, J. S. and Zuranski, A. and Brownson, E. and Malik, S. and Mendez, H. and Ramirez Vargas, J. E. and Barnes, V. E. and Benedetti, D. and Bortoletto, D. and De Mattia, M. and Gutay, L. and Hu, Z. and Jha, M. K. and Jones, M. and Jung, K. and Kress, M. and Leonardo, N. and Miller, D. H. and Neumeister, N. and Radburn-Smith, B. C. and Shi, X. and Shipsey, I. and Silvers, D. and Svyatkovskiy, A. and Wang, F. and Xie, W. and Xu, L. and Zablocki, J. and Parashar, N. and Stupak, J. and Adair, A. and Akgun, B. and Ecklund, K. M. and Geurts, F. J. M. and Li, W. and Michlin, B. and Padley, B. P. and Redjimi, R. and Roberts, J. and Zabel, J. and Betchart, B. and Bodek, A. and Covarelli, R. and de Barbaro, P. and Demina, R. and Eshaq, Y. and Ferbel, T. and Garcia-Bellido, A. and Goldenzweig, P. and Han, J. and Harel, A. and Khukhunaishvili, A. and Korjenevski, S. and Petrillo, G. and Vishnevskiy, D. and Ciesielski, R. and Demortier, L. and Goulianos, K. and Mesropian, C. and Arora, S. and Barker, A. and Chou, J. P. and Contreras-Campana, C. and Contreras-Campana, E. and Duggan, D. and Ferencek, D. and Gershtein, Y. and Gray, R. and Halkiadakis, E. and Hidas, D. and Kaplan, S. and Lath, A. and Panwalkar, S. and Park, M. and Patel, R. and Salur, S. and Schnetzer, S. and Sheffield, D. and Somalwar, S. and Stone, R. and Thomas, S. and Thomassen, P. and Walker, M. and Rose, K. and Spanier, S. and York, A. and Bouhali, O. and Castaneda Hernandez, A. and Eusebi, R. and Flanagan, W. and Gilmore, J. and Kamon, T. and Khotilovich, V. and Krutelyov, V. and Montalvo, R. and Osipenkov, I. and Pakhotin, Y. and Perloff, A. and Roe, J. and Rose, A. and Safonov, A. and Suarez, I. and Tatarinov, A. and Ulmer, K. A. and Akchurin, N. and Cowden, C. and Damgov, J. and Dragoiu, C. and Dudero, P. R. and Faulkner, J. and Kovitanggoon, K. and Kunori, S. and Lee, S. W. and Libeiro, T. and Volobouev, I. and Appelt, E. and Delannoy, A. G. and Greene, S. and Gurrola, A. and Johns, W. and Maguire, C. and Mao, Y. and Melo, A. and Sharma, M. and Sheldon, P. and Snook, B. and Tuo, S. and Velkovska, J. and Arenton, M. W. and Boutle, S. and Cox, B. and Francis, B. and Goodell, J. and Hirosky, R. and Ledovskoy, A. and Li, H. and Lin, C. and Neu, C. and Wood, J. and Clarke, C. and Harr, R. and Karchin, P. E. and Kottachchi Kankanamge Don, C. and Lamichhane, P. and Sturdy, J. and Belknap, D. A. and Carlsmith, D. and Cepeda, M. and Dasu, S. and Dodd, L. and Duric, S. and Friis, E. and Hall-Wilton, R. and Herndon, M. and Herv\'e, A. and Klabbers, P. and Lanaro, A. and Lazaridis, C. and Levine, A. and Loveless, R. and Mohapatra, A. and Ojalvo, I. and Perry, T. and Pierro, G. A. and Polese, G. and Ross, I. and Sarangi, T. and Savin, A. and Smith, W. H. and Taylor, D. and Vuosalo, C. and Woods, N.},
	collaboration = {CMS Collaboration},
	journal = {Phys. Rev. D},
	volume = {92},
	issue = {1},
	pages = {012004},
	numpages = {55},
	year = {2015},
	month = {Jul},
	publisher = {American Physical Society},
	doi = {10.1103/PhysRevD.92.012004},
	url = {https://link.aps.org/doi/10.1103/PhysRevD.92.012004}
}

@article{PDG,
	title = {Review of Particle Physics},
	author = {Tanabashi, M. and Hagiwara, K. and Hikasa, K. and Nakamura, K. and Sumino, Y. and Takahashi, F. and Tanaka, J. and Agashe, K. and Aielli, G. and Amsler, C. and Antonelli, M. and Asner, D. M. and Baer, H. and Banerjee, Sw. and Barnett, R. M. and Basaglia, T. and Bauer, C. W. and Beatty, J. J. and Belousov, V. I. and Beringer, J. and Bethke, S. and Bettini, A. and Bichsel, H. and Biebel, O. and Black, K. M. and Blucher, E. and Buchmuller, O. and Burkert, V. and Bychkov, M. A. and Cahn, R. N. and Carena, M. and Ceccucci, A. and Cerri, A. and Chakraborty, D. and Chen, M.-C. and Chivukula, R. S. and Cowan, G. and Dahl, O. and D'Ambrosio, G. and Damour, T. and de Florian, D. and de Gouv\^ea, A. and DeGrand, T. and de Jong, P. and Dissertori, G. and Dobrescu, B. A. and D'Onofrio, M. and Doser, M. and Drees, M. and Dreiner, H. K. and Dwyer, D. A. and Eerola, P. and Eidelman, S. and Ellis, J. and Erler, J. and Ezhela, V. V. and Fetscher, W. and Fields, B. D. and Firestone, R. and Foster, B. and Freitas, A. and Gallagher, H. and Garren, L. and Gerber, H.-J. and Gerbier, G. and Gershon, T. and Gershtein, Y. and Gherghetta, T. and Godizov, A. A. and Goodman, M. and Grab, C. and Gritsan, A. V. and Grojean, C. and Groom, D. E. and Gr\"unewald, M. and Gurtu, A. and Gutsche, T. and Haber, H. E. and Hanhart, C. and Hashimoto, S. and Hayato, Y. and Hayes, K. G. and Hebecker, A. and Heinemeyer, S. and Heltsley, B. and Hern\'andez-Rey, J. J. and Hisano, J. and H\"ocker, A. and Holder, J. and Holtkamp, A. and Hyodo, T. and Irwin, K. D. and Johnson, K. F. and Kado, M. and Karliner, M. and Katz, U. F. and Klein, S. R. and Klempt, E. and Kowalewski, R. V. and Krauss, F. and Kreps, M. and Krusche, B. and Kuyanov, Yu. V. and Kwon, Y. and Lahav, O. and Laiho, J. and Lesgourgues, J. and Liddle, A. and Ligeti, Z. and Lin, C.-J. and Lippmann, C. and Liss, T. M. and Littenberg, L. and Lugovsky, K. S. and Lugovsky, S. B. and Lusiani, A. and Makida, Y. and Maltoni, F. and Mannel, T. and Manohar, A. V. and Marciano, W. J. and Martin, A. D. and Masoni, A. and Matthews, J. and Mei\ss{}ner, U.-G. and Milstead, D. and Mitchell, R. E. and M\"onig, K. and Molaro, P. and Moortgat, F. and Moskovic, M. and Murayama, H. and Narain, M. and Nason, P. and Navas, S. and Neubert, M. and Nevski, P. and Nir, Y. and Olive, K. A. and Pagan Griso, S. and Parsons, J. and Patrignani, C. and Peacock, J. A. and Pennington, M. and Petcov, S. T. and Petrov, V. A. and Pianori, E. and Piepke, A. and Pomarol, A. and Quadt, A. and Rademacker, J. and Raffelt, G. and Ratcliff, B. N. and Richardson, P. and Ringwald, A. and Roesler, S. and Rolli, S. and Romaniouk, A. and Rosenberg, L. J. and Rosner, J. L. and Rybka, G. and Ryutin, R. A. and Sachrajda, C. T. and Sakai, Y. and Salam, G. P. and Sarkar, S. and Sauli, F. and Schneider, O. and Scholberg, K. and Schwartz, A. J. and Scott, D. and Sharma, V. and Sharpe, S. R. and Shutt, T. and Silari, M. and Sj\"ostrand, T. and Skands, P. and Skwarnicki, T. and Smith, J. G. and Smoot, G. F. and Spanier, S. and Spieler, H. and Spiering, C. and Stahl, A. and Stone, S. L. and Sumiyoshi, T. and Syphers, M. J. and Terashi, K. and Terning, J. and Thoma, U. and Thorne, R. S. and Tiator, L. and Titov, M. and Tkachenko, N. P. and T\"ornqvist, N. A. and Tovey, D. R. and Valencia, G. and Van de Water, R. and Varelas, N. and Venanzoni, G. and Verde, L. and Vincter, M. G. and Vogel, P. and Vogt, A. and Wakely, S. P. and Walkowiak, W. and Walter, C. W. and Wands, D. and Ward, D. R. and Wascko, M. O. and Weiglein, G. and Weinberg, D. H. and Weinberg, E. J. and White, M. and Wiencke, L. R. and Willocq, S. and Wohl, C. G. and Womersley, J. and Woody, C. L. and Workman, R. L. and Yao, W.-M. and Zeller, G. P. and Zenin, O. V. and Zhu, R.-Y. and Zhu, S.-L. and Zimmermann, F. and Zyla, P. A. and Anderson, J. and Fuller, L. and Lugovsky, V. S. and Schaffner, P.},
	collaboration = {Particle Data Group},
	journal = {Phys. Rev. D},
	volume = {98},
	issue = {3},
	pages = {198},
	numpages = {1898},
	year = {2018},
	month = {Aug},
	publisher = {American Physical Society},
	doi = {10.1103/PhysRevD.98.030001},
	url = {https://link.aps.org/doi/10.1103/PhysRevD.98.030001}
}

@misc{Claudia_thesis,
	Author = {Claudia Pistone},
	Pages = {90-101},
	Title = {unpublished PhD thesis},
	Url = {},
	Year = {2019}
}

@book{Jackson,
	Author = {John David Jackson},
	Title = {Classical Electrodynamics},
	Pages = {408},
	Year = {1962}
	
}

